@article{Bengio1994Learning,
  title={Learning long-term dependencies with gradient descent is difficult.},
  author={Bengio, Y and Simard, P and Frasconi, P},
  journal={Neural Networks IEEE Transactions on},
  volume={5},
  number={2},
  pages={157-166},
  year={1994},
}

@article{Hochreiter1997Long,
  title={Long Short-Term Memory},
  author={Hochreiter, S and Schmidhuber, J},
  journal={Neural Computation},
  volume={9},
  number={8},
  pages={1735-1780},
  year={1997},
}

@article{dimson2015emojineering,
  title={Emojineering Part 1: Machine Learning for Emoji Trends},
  author={Dimson, Thomas},
  journal={Instagram Engineering Blog},
  year={2015}
}

@article{cho2014learning,
  title={Learning phrase representations using RNN encoder-decoder for statistical machine translation},
  author={Cho, Kyunghyun and Van Merri{\"e}nboer, Bart and Gulcehre, Caglar and Bahdanau, Dzmitry and Bougares, Fethi and Schwenk, Holger and Bengio, Yoshua},
  journal={arXiv preprint arXiv:1406.1078},
  year={2014}
}

@article{zaremba2014recurrent,
  title={Recurrent neural network regularization},
  author={Zaremba, Wojciech and Sutskever, Ilya and Vinyals, Oriol},
  journal={arXiv preprint arXiv:1409.2329},
  year={2014}
}

@article{cao2014cross,
  title={A cross-media public sentiment analysis system for microblog},
  author={Cao, Donglin and Ji, Rongrong and Lin, Dazhen and Li, Shaozi},
  journal={Multimedia Systems},
  pages={1--8},
  year={2014},
  publisher={Springer}
}

@inproceedings{clinchant2011semantic,
  title={Semantic combination of textual and visual information in multimedia retrieval},
  author={Clinchant, St{\'e}phane and Ah-Pine, Julien and Csurka, Gabriela},
  booktitle={Proceedings of the 1st acm international conference on multimedia retrieval},
  pages={44},
  year={2011},
  organization={ACM}
}

@inproceedings{yang2013user,
  title={User interest and social influence based emotion prediction for individuals},
  author={Yang, Yun and Cui, Peng and Zhu, Wenwu and Yang, Shiqiang},
  booktitle={Proceedings of the 21st ACM international conference on Multimedia},
  pages={785--788},
  year={2013},
  organization={ACM}
}

@article{dhingra2016gated,
  title={Gated-Attention Readers for Text Comprehension},
  author={Dhingra, Bhuwan and Liu, Hanxiao and Cohen, William W and Salakhutdinov, Ruslan},
  journal={arXiv preprint arXiv:1606.01549},
  year={2016}
}

@inproceedings{hermann2015teaching,
  title={Teaching machines to read and comprehend},
  author={Hermann, Karl Moritz and Kocisky, Tomas and Grefenstette, Edward and Espeholt, Lasse and Kay, Will and Suleyman, Mustafa and Blunsom, Phil},
  booktitle={Advances in Neural Information Processing Systems},
  pages={1693--1701},
  year={2015}
}


@inproceedings{mikolov2013linguistic,
  title =  {Linguistic regularities in continuous space word
                  representations},
  author =   {Mikolov, Tomas and Yih, Wen-tau and Zweig, Geoffrey},
  booktitle =  {Proceedings of HLT-NAACL},
  pages =  {746--751},
  year =   2013
}

@article{kadlec2016text,
  title={Text Understanding with the Attention Sum Reader Network},
  author={Kadlec, Rudolf and Schmid, Martin and Bajgar, Ondrej and Kleindienst, Jan},
  journal={arXiv preprint arXiv:1603.01547},
  year={2016}
}

@article{sordoni2016iterative,
  title={Iterative Alternating Neural Attention for Machine Reading},
  author={Sordoni, Alessandro and Bachman, Phillip and Bengio, Yoshua},
  journal={arXiv preprint arXiv:1606.02245},
  year={2016}
}

@inproceedings{mikolov2013distributed,
  title =  {Distributed representations of words and phrases and
                  their compositionality},
  author =   {Mikolov, Tomas and Sutskever, Ilya and Chen, Kai and
                  Corrado, Greg S and Dean, Jeff},
  booktitle =  {Proceedings of NIPS},
  pages =  {3111--3119},
  year =   2013
}

@article{erhan2010does,
  title={Why does unsupervised pre-training help deep learning?},
  author={Erhan, Dumitru and Bengio, Yoshua and Courville, Aaron and Manzagol, Pierre-Antoine and Vincent, Pascal and Bengio, Samy},
  journal={JMLR},
  volume={11},
  pages={625--660},
  year={2010},
}


@article{mikolov2013efficient,
  title =  {Efficient estimation of word representations in
                  vector space},
  author =   {Mikolov, Tomas and Chen, Kai and Corrado, Greg and
                  Dean, Jeffrey},
  journal =  {Proceedings of ICLR},
  year =   2013
}

@inproceedings{vinyals2015show,
  title={Show and tell: A neural image caption generator},
  author={Vinyals, Oriol and Toshev, Alexander and Bengio, Samy and Erhan, Dumitru},
  booktitle={Proceedings of the IEEE Conference on Computer Vision and Pattern Recognition},
  pages={3156--3164},
  year={2015}
}

@inproceedings{you2016cross,
  title={Cross-modality Consistent Regression for Joint Visual-Textual Sentiment Analysis of Social Multimedia},
  author={You, Quanzeng and Luo, Jiebo and Jin, Hailin and Yang, Jianchao},
  booktitle={Proceedings of the Ninth ACM International Conference on Web Search and Data Mining},
  pages={13--22},
  year={2016},
  organization={ACM}
}

@article{miller2016blissfully,
  title={“Blissfully happy” or “ready to fight”: Varying Interpretations of Emoji},
  author={Miller, Hannah and Thebault-Spieker, Jacob and Chang, Shuo and Johnson, Isaac and Terveen, Loren and Hecht, Brent},
  journal={ICWSM’16},
  year={2016}
}

@inproceedings{sutskever2014sequence,
  title={Sequence to sequence learning with neural networks},
  author={Sutskever, Ilya and Vinyals, Oriol and Le, Quoc V},
  booktitle={Advances in neural information processing systems},
  pages={3104--3112},
  year={2014}
}

